@misc{lavazza2024functional,
    title = {Functional Size Measurement. Software Project Management},
    author = {Luigi Lavazza},
    year = {2024},
    institution = {University of Insubria, Department of Theoretical and Applied Sciences (DiSTA)},
    email = {luigi.lavazza@uninsubria.it}
}
